<?xml version="1.0" encoding="UTF-8"?><collection xmlns="http://www.loc.gov/MARC21/slim"><record><leader>00562nam--2200193-i-4500</leader><controlfield tag="001">000020805</controlfield><controlfield tag="002">20161230</controlfield><controlfield tag="005">20161230201033</controlfield><controlfield tag="008">060222s1000------------r-----000-0-eng-d</controlfield><datafield ind1=" " ind2=" " tag="040"><subfield code="a">IFIN-HH</subfield></datafield><datafield ind1=" " ind2=" " tag="080"><subfield code="a">539.171</subfield></datafield><datafield ind1="1" ind2=" " tag="100"><subfield code="a">Harakeh, M.N</subfield></datafield><datafield ind1="1" ind2="0" tag="245"><subfield code="a">Perspectives in the structure of hadronic systems</subfield><subfield code="c">M.n. harakeh, j.h. koch, o. scholten (eds.)</subfield></datafield><datafield ind1=" " ind2=" " tag="260"><subfield code="a">London</subfield><subfield code="b">Plenum Press</subfield><subfield code="c">1993</subfield></datafield><datafield ind1=" " ind2=" " tag="300"><subfield code="a">VIII+360 P</subfield></datafield><datafield ind1=" " ind2=" " tag="490"><subfield code="a">Nato Advanced Study Institutes Series, 333</subfield></datafield><datafield ind1="1" ind2=" " tag="700"><subfield code="a">Scholten, O</subfield><subfield code="e">Ed</subfield></datafield><datafield ind1=" " ind2=" " tag="852"><subfield code="a">42270</subfield><subfield code="c">53</subfield></datafield><datafield ind1=" " ind2=" " tag="CAT"><subfield code="a">Sys</subfield><subfield code="c">20150323</subfield><subfield code="h">084915</subfield></datafield></record></collection>